%1)
@book{santnerBook,
  title={The design and analysis of computer experiments},
  author={Santner, Thomas J. and Williams, Brian J. and Notz, William},
  year={2003},
  publisher={Springer}
}
%2)
@inproceedings{taddyOpt0,
  title={Enhancing parallel pattern search optimization with a Gaussian process oracle},
  author={Gray, Genetha A and Taddy, M and Martinez-Canales, M and Lee, Herbert KH},
  booktitle={Proceedings of the 14th Nuclear Explosive Codes Development Conference (NECDC)},
  year={2007}
})
%3)
@article{gBook,
  title={Global versus local search in constrained optimization of computer models},
  author={Schonlau, Matthias and Welch, William J. and Jones, Donald R.},
  journal={Lecture Notes-Monograph Series},
  pages={11--25},
  year={1998},
  publisher={JSTOR}
}
%4)  number={EPFL-CONF-199717},
@inproceedings{windExample,
  title={Optimization of an Airborne Wind Energy System Using Constrained Gaussian Processes},
  author={Diwale, Sanket Sanjay and Lymperopoulos, Ioannis and Jones, Colin},
  booktitle={IEEE Multi-Conference on Systems and Control},
  year={2014}
}
%5)
@inproceedings{EIPPD,
  title={A multi-points criterion for deterministic parallel global optimization based on gaussian processes},
  author={Ginsbourger, David and Le Riche, Rodolphe and Carraro, Laurent and others},
  booktitle={Journal of Global Optimization, in revision},
  year={2009},
  organization={Citeseer}
}
%6)
@article{lockCite,
  title={Application of MATLAB and Python optimizers to two case studies involving groundwater flow and contaminant transport modeling},
  author={Matott, Shawn L. and Leung, Kenny and Sim, Junyoung},
  journal={Computers \& Geosciences},
  volume={37},
  number={11},
  pages={1894--1899},
  year={2011},
  publisher={Elsevier}
}
%7)
@article{tgp,
  title={tgp: an R package for Bayesian nonstationary, semiparametric nonlinear regression and design by treed Gaussian process models},
  author={Gramacy, Robert B.},
  journal={Journal of Statistical Software},
  volume={19},
  number={9},
  pages={6},
  year={2007}
}
%8)
@article{tgp2,
  title={Categorical inputs, sensitivity analysis, optimization and importance tempering with tgp version 2, an R package for treed Gaussian process models},
  author={Gramacy, Robert B. and Taddy, Matthew},
  journal={Journal of Statistical Software},
  volume={33},
  number={i06},
  year={2012},
  publisher={American Statistical Association}
}
%9)
@article{taddyOpt,
  title = {Bayesian guided pattern search for robust local optimization},
  author = {Taddy, Matthew A. and Lee, Herbert H. K. and Gray, Genetha A. and Griffin, Joshua D.},
  journal = {Technometrics},
  volume = {51},
  number = {4},
  pages = {389--401},
  year = {2009},
  publisher = {Taylor \& Francis}
}
%10)
@book{shewhartBook,
  title={Economic control of quality of manufactured product},
  author={Shewhart, Walter A.},
  volume={509},
  year={1931},
  publisher={ASQ Quality Press}
}
%11)
@article{adaptEWMA,
  title={Adaptive EWMA procedures for monitoring processes subject to linear drifts},
  author={Su, Yan and Shu, Lianjie and Tsui, Kwok-Leung},
  journal={Computational statistics \& data analysis},
  volume={55},
  number={10},
  pages={2819--2829},
  year={2011},
  publisher={Elsevier}
}
%12)
@book{boxBook,
	Address   = {New York, NY},
	Author    = {Box, George E. P. and Luce\~{n}o, Alberto and Paniagua-Qui\~{n}ones, Mar\'{i}a Del Carmen },
	Publisher = {Wiley},
	Title     = {Statistical Control by Monitoring and Adjustment},
	Year      = {1997}
}
%13)
@article{ewmaPaper,
  title={Exponentially weighted moving average control schemes: properties and enhancements},
  author={Lucas, James M. and Saccucci, Michael S.},
  journal={Technometrics},
  volume={32},
  number={1},
  pages={1--12},
  year={1990},
  publisher={Taylor \& Francis}
}
%14)
@article{jonesEIOpt,
  title={Efficient global optimization of expensive black-box functions},
  author={Jones, Donald R. and Schonlau, Matthias and Welch, William J.},
  journal={Journal of Global optimization},
  volume={13},
  number={4},
  pages={455--492},
  year={1998},
  publisher={Springer}
}
%15)
@book{steinBook,
  title={Interpolation of spatial data: some theory for kriging},
  author={Stein, Michael L},
  year={1999},
  publisher={Springer}
}
%16)
@article{gpJasa,
  title={Bayesian treed Gaussian process models with an application to computer modeling},
  author={Gramacy, Robert B. and Lee, Herbert H. K.},
  journal={Journal of the American Statistical Association},
  volume={103},
  number={483},
  year={2008}
}
%17)
@article{sacksDesign,
  title={Design and analysis of computer experiments},
  author={Sacks, Jerome and Welch, William J and Mitchell, Toby J and Wynn, Henry P},
  journal={Statistical science},
  pages={409--423},
  year={1989},
  publisher={JSTOR}
}
%18)
@book{abrahamsenBook,
  title={A review of Gaussian random fields and correlation functions},
  author={Abrahamsen, Petter},
  year={1997},
  publisher={Norsk Regnesentral/Norwegian Computing Center}
}