%1)
@book{santnerBook,
  title={The design and analysis of computer experiments},
  author={Santner, Thomas J. and Williams, Brian J. and Notz, William},
  year={2003},
  address={New York},
  publisher={Springer}
}
%2)
@inproceedings{taddyOpt0,
  title={Enhancing parallel pattern search optimization with a Gaussian process oracle},
  author={Gray, Genetha A and Taddy, M and Martinez-Canales, M and Lee, Herbert KH},
  booktitle={Proceedings of the 14th Nuclear Explosive Codes Development Conference (NECDC)},
  year={2007}
})
%3)
@incollection{gBook,
author={M. Schonlau and Jones, D.R. and Welch, W.J.},
title = {Global versus local search in constrained optimization of computer models},
year={1998},
booktitle={New Developments and applications in experimental design},
pages={11--25},
series={IMS Lecture Notes - Monograph Series},
number={34},
publisher={JSTOR}
}
%4)
@inproceedings{windExample,
  title={Optimization of an airborne wind energy system using constrained Gaussian processes with transient measurements},
  author={Diwale, Sanket Sanjay and Lymperopoulos, Ioannis and Jones, Colin},
  booktitle={First Indian Control Conference},
  number={EPFL-CONF-199719},
  year={2015}
}
%5)
@inproceedings{EIPPD,
  title={A multi-points criterion for deterministic parallel global optimization based on gaussian processes},
  author={Ginsbourger, David and Le Riche, Rodolphe and Carraro, Laurent and others},
  booktitle={Journal of Global Optimization, in revision},
  year={2009}
}
%6)
@article{lockCite,
  title={Application of MATLAB and Python optimizers to two case studies involving groundwater flow and contaminant transport modeling},
  author={Matott, Shawn L. and Leung, Kenny and Sim, Junyoung},
  journal={Computers \& Geosciences},
  volume={37},
  number={11},
  pages={1894--1899},
  year={2011},
  publisher={Elsevier}
}
%7)
@article{tgp,
  title={tgp: an R package for Bayesian nonstationary, semiparametric nonlinear regression and design by treed Gaussian process models},
  author={Gramacy, Robert B.},
  journal={Journal of Statistical Software},
  volume={19},
  number={9},
  pages={1--46},
  year={2007}
}
%8)
@article{tgp2,
  title={Categorical inputs, sensitivity analysis, optimization and importance tempering with tgp version 2, an R package for treed Gaussian process models},
  author={Gramacy, Robert B. and Taddy, Matthew},
  journal={Journal of Statistical Software},
  volume={33},
  number={6},
  pages={1--48},
  year={2010},
  publisher={American Statistical Association}
}
%9)
@article{taddyOpt,
  title = {Bayesian guided pattern search for robust local optimization},
  author = {Taddy, Matthew A. and Lee, Herbert K. H. and Gray, Genetha A. and Griffin, Joshua D.},
  journal = {Technometrics},
  volume = {51},
  number = {4},
  pages = {389--401},
  year = {2009},
  publisher = {Taylor \& Francis}
}
%10)
@book{shewhartBook,
  title={Economic control of quality of manufactured product},
  author={Shewhart, Walter A.},
  year={1931},
  address={New York}, 
  publisher={D. Van Nostrand Company}
}
%11)
@article{adaptEWMA,
  title={Adaptive EWMA procedures for monitoring processes subject to linear drifts},
  author={Su, Yan and Shu, Lianjie and Tsui, Kwok-Leung},
  journal={Computational statistics \& data analysis},
  volume={55},
  number={10},
  pages={2819--2829},
  year={2011},
  publisher={Elsevier}
}
%12)
@book{boxBook,
	Address   = {New York},
	Author    = {Box, George E. P. and Luce\~{n}o, Alberto and Paniagua-Qui\~{n}ones, Mar\'{i}a Del Carmen },
	Publisher = {Wiley},
	Title     = {Statistical Control by Monitoring and Adjustment},
	Year      = {1997}
}
%13)
@article{ewmaPaper,
  title={Exponentially weighted moving average control schemes: properties and enhancements},
  author={Lucas, James M. and Saccucci, Michael S.},
  journal={Technometrics},
  volume={32},
  number={1},
  pages={1--12},
  year={1990},
  publisher={Taylor \& Francis}
}
%14)
@article{jonesEIOpt,
  title={Efficient global optimization of expensive black-box functions},
  author={Jones, Donald R. and Schonlau, Matthias and Welch, William J.},
  journal={Journal of Global Optimization},
  volume={13},
  number={4},
  pages={455--492},
  year={1998},
  publisher={Springer}
}
%15)
@book{steinBook,
  title={Interpolation of spatial data: some theory for kriging},
  author={Stein, Michael L},
  year={1999},
  address={New York},
  publisher={Springer}
}
%16)
@article{gpJasa,
  title={Bayesian treed Gaussian process models with an application to computer modeling},
  author={Gramacy, Robert B. and Lee, Herbert K. H.},
  journal={Journal of the American Statistical Association},
  volume={103},
  number={483},
  year={2008}
}
%17)
@article{sacksDesign,
  title={Design and analysis of computer experiments},
  author={Sacks, Jerome and Welch, William J and Mitchell, Toby J and Wynn, Henry P},
  journal={Statistical science},
  pages={409--423},
  year={1989},
  volume={4}
}
%18)
@TechReport{abrahamsenBook,
  title={A review of Gaussian random fields and correlation functions},
  author={Abrahamsen, Petter},
  year={1997},
  institution ={Norsk Regnesentral/Norwegian Computing Center},
  number=917
}
%19)
@Article{KoldLewiTorc2003,
  author={Tamara G. Kolda and Robert Michael Lewis and Virginia Torczon},
  title={Optimization by direct search: New perspectives on some classical and modern methods},
  journal={SIAM Review},
  year=2003,
  volume=45,
  pages={385--482}}
%20)
@article{rosePaper,
author = {Rosenbrock, Howard H.}, 
title = {An automatic method for finding the greatest or least value of a function},
volume = {3}, 
number = {3}, 
pages = {175--184}, 
year = {1960},  
journal = {The Computer Journal} 
}
%21)
@article{gramacy2014,
  title={Modeling an augmented Lagrangian for blackbox constrained optimization},
  author={Gramacy, Robert B and Gray, Genetha A and {Le Digabel}, Sebastien and Lee, Herbert K. H.  and Ranjan, Pritam and Wells, Garth and Wild, Stefan M},
  journal={Technometrics},
  note={to appear, preprint arXiv:1403.4890},
  year={2015}
}
%22)
@article{rastCite,
title = {Evaluating evolutionary algorithms},
journal = {Artificial Intelligence},
volume = {85},
number = {1-2},
pages = {245--276},
year = {1996},
author = {Darrell Whitley and Soraya Rana and John Dzubera and Keith E. Mathias},
}
%23)
@article{gramacy2012,
  title={Cases for the nugget in modeling computer experiments},
  author={Gramacy, Robert B and Lee, Herbert K. H.},
  journal={Statistics and Computing},
  volume = {22},
  number = {3},
  pages = {713--722},
  year={2012}
}
%24)
@article{qccPack,
    title = {qcc: an R package for quality control charting and statistical process control},
    author = {Luca Scrucca},
    journal = {R News},
    year = {2004},
    pages = {11--17},
    volume = {4/1},
    url = {http://CRAN.R-project.org/doc/Rnews/},
}
%25)
@article{mayer2002optimal,
  title={Optimal design for problems involving flow and transport phenomena in saturated subsurface systems},
  author={Mayer, Alex S and Kelley, CT and Miller, Cass T},
  journal={Advances in Water Resources},
  volume={25},
  number={8},
  pages={1233--1256},
  year={2002},
  publisher={Elsevier}
}
%26)
@article{matott2006pump,
  title={Pump-and-treat optimization using analytic element method flow models},
  author={Matott, L Shawn and Rabideau, Alan J and Craig, James R},
  journal={Advances in water resources},
  volume={29},
  number={5},
  pages={760--775},
  year={2006},
  publisher={Elsevier}
}
%27)
@article{boxCox1964,
  title={An analysis of transformations},
  author={Box, George EP and Cox, David R},
  journal={Journal of the Royal Statistical Society. Series B (Methodological)},
  pages={211--252},
  year={1964},
  volume={26}
}
%28)
@article{aerne1991trend,
  title={Evaluation of control charts under linear trend},
  author={Aerne, Laura A and Champ, Charles W and Rigdon, Steven E},
  journal={Communications in Statistics-Theory and Methods},
  volume={20},
  number={10},
  pages={3341--3349},
  year={1991},
  publisher={Taylor \& Francis}
}
%29
@article{zou2009compare,
  title={Comparisons of control schemes for monitoring the means of processes subject to drifts},
  author={Zou, Changliang and Liu, Yukun and Wang, Zhaojun},
  journal={Metrika},
  volume={70},
  number={2},
  pages={141--163},
  year={2009},
  publisher={Springer}
}

@book{mockus:1989,
  title={Bayesian Approach to Global Optimization},
  author={Mockus, Jonas},
  year={1989},
  address={Dordrecht},
  publisher={Kluwer}
}

@TechReport{brochu:2010,
    title={A Tutorial on Bayesian Optimization of Expensive Cost Functions, with Application to Active User Modeling and Hierarchical Reinforcement Learning},
    author={Eric Brochu and Vlad M. Cora and Nando de Freitas},
    year={2010},
    number={1012.2599},
    institution={arXiv}
}

@Book{gramacy:2020,
  author =   {Robert B. Gramacy},
  title =    {Surrogates: Gaussian Process Modeling, Design, and Optimization for the Applied Sciences},
  publisher =  {Chapman \& Hall/CRC},
  year =   2020
}

@Book{TonyBook,
  author = 	 {Pourmohamad, Tony and Lee, Herbert K. H.},
  title = 	 {Bayesian Optimization with Application to Computer Experiments},
  publisher = 	 {Springer},
  year = 	 2021,
  address = 	 {Cham, Switzerland}
}


                  










